<record><leader>00000cas a2200000 a 4500</leader><controlfield tag="001">15907444</controlfield><controlfield tag="008">870611d1uuu1926iluwr ne      0   a0eng c</controlfield><datafield ind1=" " ind2=" " tag="010"><subfield code="a">sn 87082818 </subfield></datafield><datafield ind1=" " ind2=" " tag="040"><subfield code="a">NPV</subfield><subfield code="b">eng</subfield><subfield code="c">NPV</subfield><subfield code="d">NVF</subfield><subfield code="d">OCLCQ</subfield><subfield code="d">NVF</subfield><subfield code="d">OCLCF</subfield><subfield code="d">NVF</subfield><subfield code="d">OCLCO</subfield></datafield><datafield ind1="1" ind2=" " tag="029"><subfield code="a">AU@</subfield><subfield code="b">000020473966</subfield></datafield><datafield ind1=" " ind2=" " tag="042"><subfield code="a">pcc</subfield></datafield><datafield ind1=" " ind2=" " tag="043"><subfield code="a">n-us-il</subfield></datafield><datafield ind1="0" ind2="0" tag="245"><subfield code="a">Medora messenger.</subfield></datafield><datafield ind1=" " ind2=" " tag="260"><subfield code="a">Medora, Ill. :</subfield><subfield code="b">C.W. Tietsort &amp; Son</subfield></datafield><datafield ind1=" " ind2=" " tag="300"><subfield code="a">v.</subfield></datafield><datafield ind1=" " ind2=" " tag="310"><subfield code="a">Weekly</subfield></datafield><datafield ind1="0" ind2=" " tag="362"><subfield code="a">-v. 31, no. 52 (Feb. 12, 1926).</subfield></datafield><datafield ind1=" " ind2=" " tag="588"><subfield code="a">Description based on: Vol. 9, no. 16 (Apr. 24, 1903).</subfield></datafield><datafield ind1=" " ind2="0" tag="651"><subfield code="a">Medora (Ill.)</subfield><subfield code="v">Newspapers.</subfield></datafield><datafield ind1=" " ind2="7" tag="651"><subfield code="a">Illinois</subfield><subfield code="z">Medora.</subfield><subfield code="2">fast</subfield><subfield code="0">(OCoLC)fst01238230</subfield></datafield><datafield ind1=" " ind2="7" tag="655"><subfield code="a">Newspapers.</subfield><subfield code="2">fast</subfield><subfield code="0">(OCoLC)fst01423814</subfield></datafield><datafield ind1=" " ind2=" " tag="752"><subfield code="a">United States</subfield><subfield code="b">Illinois</subfield><subfield code="c">Macoupin</subfield><subfield code="d">Medora.</subfield></datafield><datafield ind1="0" ind2="4" tag="785"><subfield code="t">Jerseyville Republican (Jerseyville, Ill. : 1898)</subfield><subfield code="w">(DLC)sn 90054762</subfield><subfield code="w">(OCoLC)22965911</subfield></datafield></record>